@inproceedings{Sadowski2011,
address = {New York, New York, USA},
author = {Sadowski, Caitlin and Lewis, Chris and Lin, Zhongpeng and Zhu, Xiaoyan and Whitehead, E. James},
booktitle = {Proceeding of the 8th working conference on Mining software repositories - MSR '11},
keywords = {fixcache,software bug prediction},
month = may,
pages = {219},
publisher = {ACM Press},
title = {{An Empirical Analysis of the FixCache Algorithm}},
url = {http://dl.acm.org/citation.cfm?id=1985441.1985475},
year = {2011}
}
@inproceedings{Du:2010,
 author = {Du, Jing and Yang, Ye and Lin, Zhongpeng and Wang, Qing and Li, Mingshu and Yuan, Feng},
 title = {{A Case Study on Usage of a Software Process Management Tool in China}},
 booktitle = {Proceedings of the 2010 Asia Pacific Software Engineering Conference},
 series = {APSEC '10},
 year = {2010},
 isbn = {978-0-7695-4266-9},
 pages = {443--452},
 numpages = {10},
 url = {http://dx.doi.org/10.1109/APSEC.2010.57},
 doi = {http://dx.doi.org/10.1109/APSEC.2010.57},
 acmid = {1931946},
 publisher = {IEEE Computer Society},
 address = {Washington, DC, USA},
 keywords = {software process, process management tool, task management, case study, empirical evaluation},
} 


@inproceedings{Lin:2009,
 author = {Lin, Zhongpeng and Shu, Fengdi and Yang, Ye and Hu, Chenyong and Wang, Qing},
 title = {{An Empirical Study on Bug Assignment Automation Using Chinese Bug Data}},
 booktitle = {Proceedings of the 2009 3rd International Symposium on Empirical Software Engineering and Measurement},
 series = {ESEM '09},
 year = {2009},
 isbn = {978-1-4244-4842-5},
 pages = {451--455},
 numpages = {5},
 url = {http://dx.doi.org/10.1109/ESEM.2009.5315994},
 doi = {http://dx.doi.org/10.1109/ESEM.2009.5315994},
 acmid = {1671305},
 publisher = {IEEE Computer Society},
 address = {Washington, DC, USA},
} 
